<?xml version="1.0" encoding="UTF-8"?><collection xmlns="http://www.loc.gov/MARC21/slim"><record><leader>00481nam--2200169-i-4500</leader><controlfield tag="001">000013031</controlfield><controlfield tag="002">20161230</controlfield><controlfield tag="005">20170123172033</controlfield><controlfield tag="008">060222s1000------------r-----000-0-eng-d</controlfield><datafield ind1=" " ind2=" " tag="080"><subfield code="a">550.34</subfield></datafield><datafield ind1=" " ind2=" " tag="245"><subfield code="a">Computer-aided seismic analysis and discrimination</subfield></datafield><datafield ind1=" " ind2=" " tag="260"><subfield code="a">Amsterdam</subfield><subfield code="b">Elsevier Scientific Puglishing Company</subfield><subfield code="c">1978</subfield></datafield><datafield ind1=" " ind2=" " tag="300"><subfield code="a">VII + 175 p</subfield></datafield><datafield ind1=" " ind2=" " tag="490"><subfield code="a">Methods In Geochemistry And Geophysics</subfield></datafield><datafield ind1=" " ind2=" " tag="700"><subfield code="a">Chen, C. H</subfield></datafield><datafield ind1=" " ind2=" " tag="852"><subfield code="a">45435</subfield></datafield><datafield ind1=" " ind2=" " tag="CAT"><subfield code="a">SYS</subfield><subfield code="c">20170123</subfield><subfield code="h">172033</subfield></datafield></record></collection>